@online{salad,
	title = {Romaine lettuce salad},
	url = {https://commons.wikimedia.org/wiki/File:Romaine_lettuce_salad.jpg},
	author = {{jeffreyw}},
	urldate = {2018-05-19},
	date = {2011-01-28},
}

@online{breadSlices,
	title = {Slices Of Bread Free Stock Photo - Public Domain Pictures},
	url = {https://www.publicdomainpictures.net/en/view-image.php?image=26198&picture=slices-of-bread},
	abstract = {Toaster,pop-up toaster,toast,slice,bread,food,white back,morning,lunch},
	author = {{yamada taro}},
	urldate = {2018-05-19},
	langid = {english},
}

@online{hamSandwich,
	title = {A plain ham sandwich},
	url = {https://commons.wikimedia.org/wiki/File:Ham_sandwich.jpg},
	author = {{Fancy steve}},
	urldate = {2018-05-19},
	date = {2011-11-11},
}

@online{brick,
	title = {Bennett is brick},
	url = {https://commons.wikimedia.org/wiki/File:Brick_Bennett.jpg},
	author = {{Lowes}},
	urldate = {2018-05-19},
	date = {2017-04-16},
}

@online{bltSandwich,
	title = {A bacon, lettuce and tomato sandwich on toasted bread.},
	url = {https://commons.wikimedia.org/wiki/File:BLT_sandwich_on_toast.jpg},
	author = {Steven, Groves},
	urldate = {2018-05-19},
	date = {2011-02-14},
}

@online{grilledCheese,
	title = {Grilled Cheese Olympics},
	url = {https://commons.wikimedia.org/wiki/File:Simple_grilled_cheese.jpg},
	author = {Canada, {AB}, Mack Male from Edmonton},
	urldate = {2018-05-19},
	date = {2010-03-14},
}

@online{panini,
	title = {Panini sandwich at a restaurant.},
	url = {https://commons.wikimedia.org/wiki/File:Panini_sandwich_in_a_restaurant.JPG},
	author = {{Tomwsulcer}},
	urldate = {2018-05-19},
	date = {2013-02-27},
}

@online{subSandwich,
	title = {A Subway pizza sub in Hong Kong (near the Grand Kowloon)},
	url = {https://commons.wikimedia.org/wiki/File:Subway_Pizza_Sub,_Hong_Kong.JPG},
	author = {{Crisco 1492}},
	urldate = {2018-05-19},
	date = {2013-08-10},
}

@online{hamburger,
	title = {Hamburger},
	rights = {Public domain},
	url = {https://commons.wikimedia.org/wiki/File:Cheeseburger_(2).jpg},
	author = {Comet, Renee},
	urldate = {2018-05-19},
	date = {1994},
}

@online{hotdog,
	title = {Hot Dog},
	url = {https://commons.wikimedia.org/wiki/File:Hotdog_-_Evan_Swigart.jpg},
	author = {Swigart, Evan},
	urldate = {2018-05-19},
	date = {2010-09-08},
}

@online{iceCreamSandwich,
	title = {Ice Cream Sandwich},
	rights = {Public domain},
	url = {https://commons.wikimedia.org/wiki/File:Ice_cream_sandwich_(1).jpg},
	author = {Comet, Renee},
	urldate = {2018-05-19},
	date = {1994},
}

@online{burrito,
	title = {A basic burrito},
	url = {https://commons.wikimedia.org/wiki/File:Basic_burrito.jpg},
	author = {Volkman, Elliot},
	urldate = {2018-05-19},
	date = {2009-06-24},
}

@online{taco,
	title = {Hard-shell taco with meat, cheese, lettuce, tomatoes, and onions},
	rights = {Public domain},
	url = {https://commons.wikimedia.org/wiki/File:NCI_Visuals_Food_Taco.jpg},
	author = {Comet, Renee},
	urldate = {2018-05-19},
	date = {1994},
}

@online{calzone,
	title = {Calzone},
	url = {https://commons.wikimedia.org/wiki/File:Calzone04.jpg},
	author = {{Kobako}},
	urldate = {2018-05-20},
	date = {2013-08-07},
}

@online{quesadilla,
	title = {Lamb quesadillas made with leftover grilled lamb, cheddar cheese, red onion, and peppers from the garden},
	url = {https://commons.wikimedia.org/wiki/File:Lamb_quesadilla.jpg},
	author = {{Jennifer}},
	urldate = {2018-05-20},
	date = {2005-02-07},
}

@online{openFaced,
	title = {tuna, guacamole sauce and cherry tomatoes},
	url = {https://commons.wikimedia.org/wiki/File:Open_faced_tuna_sandwich_with_cherry_tomato_and_guacamole_spread.jpg},
	author = {yau, stef},
	urldate = {2018-05-20},
	date = {2007-08-05},
}

@online{pizza,
	title = {Pizza at State of the Fruit meeting},
	url = {https://commons.wikimedia.org/wiki/File:Pizza_at_State_of_the_Fruit_meeting_(18611225834).jpg},
	author = {Stern, Becky},
	urldate = {2018-05-20},
	date = {2015-06-19},
}

@online{pizzaSandwich,
	title = {Pizza sandwich},
	url = {https://s3.amazonaws.com/spoonuniversi-wpengine/spoonuniversi/wp-content/uploads/sites/71/2015/02/pizza-sandwich-1.jpg},
	author = {Wang, Gabby},
	urldate = {2018-05-20}
}

@online{toastSandwich,
	title = {This is an image of a toast sandwich, shot from the side. Sandwich was made and photographed by me, Ryan. It was okay},
	rights = {Permission is granted to copy, distribute and/or modify this document under the terms of the {GNU} Free Documentation License, Version 1.2 or any later version published by the Free Software Foundation; with no Invariant Sections, no Front-Cover Texts, and no Back-Cover Texts. A copy of the license is included in the section entitled {GNU} Free Documentation License.http://www.gnu.org/copyleft/fdl.{htmlGFDLGNU} Free Documentation Licensetruetrue},
	url = {https://commons.wikimedia.org/wiki/File:An_image_of_a_toast_sandwich,_shot_from_the_side.jpg},
	author = {{Qwantz}},
	urldate = {2018-05-20},
	date = {2014-03-26},
}

@online{oreo,
	title = {Two Double Stuf Oreos, by Nabisco. Bought in a New York supermarket.},
	rights = {Public domain},
	url = {https://commons.wikimedia.org/wiki/File:Nabisco-Double-Stuf-Oreos.jpg},
	author = {{Evan-Amos}},
	urldate = {2018-05-20},
	date = {2017-03-31},
}

@online{ritzCracker,
	title = {Lance Gluten Free Sandwich Crackers},
	url = {https://images-na.ssl-images-amazon.com/images/I/71bduHPOL9L._SL1500_.jpg},
	author = {{Lance}},
	urldate = {2018-05-21},
}

@online{sushiBurrito,
	title = {sushirrito},
	url = {https://commons.wikimedia.org/wiki/File:Sushirrito_(9310623804).jpg},
	author = {{jen}},
	urldate = {2018-05-21},
	date = {2013-07-09},
}

@online{nigiri,
	title = {Salmon Nigiri Sushi with chopsticks, 2008.},
	url = {https://commons.wikimedia.org/wiki/File:Salmon_Nigiri_Sushi_with_chopsticks,_2008.jpg},
	author = {{www.bluewaikiki.com}},
	urldate = {2018-05-21},
	date = {2008-09-05},
}

@online{cheese,
	title = {Emmental cheese slices.},
	url = {https://commons.wikimedia.org/wiki/File:Emmental_slices.jpg},
	author = {Monto, Tiia},
	urldate = {2018-05-21},
	date = {2016-03-26},
}

@online{coldCuts,
	title = {Pastrami},
	rights = {Permission is granted to copy, distribute and/or modify this document under the terms of the {GNU} Free Documentation License, Version 1.2 or any later version published by the Free Software Foundation; with no Invariant Sections, no Front-Cover Texts, and no Back-Cover Texts. A copy of the license is included in the section entitled {GNU} Free Documentation License.http://www.gnu.org/copyleft/fdl.{htmlGFDLGNU} Free Documentation Licensetruetrue},
	url = {https://commons.wikimedia.org/wiki/File:Pastrami.jpg},
	author = {{Stilfehler}},
	urldate = {2018-05-21},
	date = {2009-05-08},
}

@online{tomato,
	title = {Sliced Round Tomato at Madhurawada, Visakhapatnam},
	url = {https://commons.wikimedia.org/wiki/File:Sliced_Round_Tomato_at_Madhurawada.JPG},
	author = {{Adityamadhav83}},
	urldate = {2018-05-21},
	date = {2012-10-10},
}

@online{lettuce,
	title = {Romaine lettuce},
	rights = {Permission is granted to copy, distribute and/or modify this document under the terms of the {GNU} Free Documentation License, Version 1.2 or any later version published by the Free Software Foundation; with no Invariant Sections, no Front-Cover Texts, and no Back-Cover Texts. A copy of the license is included in the section entitled {GNU} Free Documentation License.http://www.gnu.org/copyleft/fdl.{htmlGFDLGNU} Free Documentation Licensetruetrue},
	url = {https://commons.wikimedia.org/wiki/File:Romaine.jpg},
	author = {Zenz, Rainer},
	urldate = {2018-05-21},
	date = {2006},
}

@online{mayonnaise,
	title = {mayonaise on da hot afternoon [sic]},
	rights = {Permission is granted to copy, distribute and/or modify this document under the terms of the {GNU} Free Documentation License, Version 1.2 or any later version published by the Free Software Foundation; with no Invariant Sections, no Front-Cover Texts, and no Back-Cover Texts. A copy of the license is included in the section entitled {GNU} Free Documentation License.http://www.gnu.org/copyleft/fdl.{htmlGFDLGNU} Free Documentation Licensetruetrue},
	url = {https://commons.wikimedia.org/wiki/File:Jorgedamayo.jpg},
	author = {{Joey 424}},
	urldate = {2018-05-21},
	date = {1933-06-01},
}

@online{mustard,
	title = {A squeeze bottle of French's Classic Yellow Mustard},
	rights = {Permission is granted to copy, distribute and/or modify this document under the terms of the {GNU} Free Documentation License, Version 1.2 or any later version published by the Free Software Foundation; with no Invariant Sections, no Front-Cover Texts, and no Back-Cover Texts. A copy of the license is included in the section entitled {GNU} Free Documentation License.http://www.gnu.org/copyleft/fdl.{htmlGFDLGNU} Free Documentation Licensetruetrue},
	url = {https://commons.wikimedia.org/wiki/File:French%27s_classic_yellow_mustard.jpg},
	author = {{Ae√¶{\textasciitilde}commonswiki}},
	urldate = {2018-05-21},
	date = {2006-05-21},
}

@online{ketchup,
	title = {Heinz Organic Ketchup},
	url = {https://commons.wikimedia.org/wiki/File:Heinz_USDA_Organic_Tomato_Ketchup.jpg},
	author = {{Tt341}},
	urldate = {2018-05-21},
	date = {2016-10-02},
}

@online{carrot,
	title = {Carrots on display at local greengrocer},
	rights = {Public domain},
	url = {https://commons.wikimedia.org/wiki/File:Carrots.JPG},
	author = {{Kander}},
	urldate = {2018-05-21},
	date = {2007-10-27},
}

@online{peanutButter,
	title = {peanut butter},
	url = {https://commons.wikimedia.org/wiki/File:96_-_IMG_20150804_111725.jpg},
	author = {Slater, Susan},
	urldate = {2018-05-21},
	date = {2015-08-04},
}

@online{jelly,
	title = {blackberry jelly},
	url = {https://commons.wikimedia.org/wiki/File:Blackberry_jelly_(20248988916).jpg},
	author = {{terri\_bateman}},
	urldate = {2018-05-21},
	date = {2014-07-21},
}

@online{olives,
	title = {green olives},
	url = {https://commons.wikimedia.org/wiki/File:NCI_2_green_olives.jpg},
	author = {Comet, Renee},
	urldate = {2018-05-21},
	date = {1994},
}

@online{fish,
	title = {Cod fillet baked in oven.},
	url = {https://commons.wikimedia.org/wiki/File:Baked_cod_fillet.jpg},
	author = {Monto, Tiia},
	urldate = {2018-05-21},
	date = {2018-03-07},
}

@online{egg,
	title = {A picture of an egg being fried},
	rights = {Public domain},
	url = {https://commons.wikimedia.org/wiki/File:Fried_egg,_sunny_side_up_(black_background).PNG},
	author = {{Porsche997SBS}},
	urldate = {2018-05-21},
	date = {2006-11-10},
}

@online{fruit,
	title = {Fruit platter},
	url = {https://commons.wikimedia.org/wiki/File:Fruit_platter_at_a_party_with_kiwi_melons_strawberries_etc.JPG},
	author = {{Tomwsulcer}},
	urldate = {2018-05-21},
	date = {2013-03-30},
}

@online{chickenFoot,
	title = {A chicken foot},
	url = {https://commons.wikimedia.org/wiki/File:A_chicken_foot.jpg},
	author = {{Krista}},
	urldate = {2018-05-21},
	date = {2007-12-24},
}

@online{rice,
	title = {The four, main, common forms of consumed rice},
	url = {https://commons.wikimedia.org/wiki/File:White,_Brown,_Red_%26_Wild_rice.jpg},
	author = {{Earth100}},
	urldate = {2018-05-21},
	date = {2012-11-16},
}

@online{potato,
	title = {3 potatoes},
	url = {https://commons.wikimedia.org/wiki/File:Pommes_de_terre.png},
	author = {{Doudoulolita}},
	urldate = {2018-05-21},
	date = {2012-03-21},
}

@online{soup,
	title = {Creamed corn soup},
	url = {https://commons.wikimedia.org/wiki/File:Creamed_corn.jpg},
	author = {Spivack, Stu},
	urldate = {2018-05-21},
	date = {2006-06-14},
}

@online{pasta,
	title = {Spaghetti},
	url = {https://commons.wikimedia.org/wiki/File:Spaghetti.jpg},
	author = {Bartel, Tim},
	urldate = {2018-05-21},
	date = {2004-12-20},
}

@online{grass,
	title = {Beauty of grass},
	url = {https://commons.wikimedia.org/wiki/File:Beauty_of_grass.jpg},
	author = {kareem, Ubaid},
	urldate = {2018-05-21},
	date = {2013-10-28},
}
