@inreference{oxfordDefinition,
	title = {Definition of sandwich in English by Oxford Dictionaries},
	url = {https://en.oxforddictionaries.com/definition/sandwich},
	shorttitle = {Definition of sandwich},
	abstract = {Definition of sandwich - an item of food consisting of two pieces of bread with a filling between them, eaten as a light meal, relating to a sandwich cours},
	booktitle = {Oxford Dictionaries {\textbar} English},
	publisher = {Oxford University Press},
	urldate = {2018-06-03},
}

@inreference{freeDefinition,
	title = {Sandwich},
	url = {https://www.thefreedictionary.com/sandwich},
	booktitle = {The Free Dictionary},
	urldate = {2018-06-03},
}

@online{taxDefinition,
	title = {Tax Bulletin {ST}-835 ({TB}-{ST}-835)},
	url = {https://www.tax.ny.gov/pubs_and_bulls/tg_bulletins/st/sandwiches.htm},
	shorttitle = {Sandwiches},
	titleaddon = {Department of Taxation and Finance},
	type = {Legal},
	author = {{New York State Derpartment of Taxation and Finance}},
	urldate = {2018-06-03},
	date = {2011-04-13},
}

@article{classPaper,
	title = {Is a Burrito a Sandwich? Exploring Race, Class, and Culture in Contracts},
	volume = {14},
	url = {https://repository.law.umich.edu/mjrl/vol14/iss1/1},
	number = {1},
	journaltitle = {Michigan Journal of Race and Law},
	author = {Florestal, Marjorie},
	date = {2008}
}

@jurisdiction{whiteCityCase,
	title = {White City Shopping Center, {LP} v. {PR} Restaurants, {LLC} dba Bread Panera},
	url = {https://casetext.com/case/white-city-v-pr-restaurants},
	shorttitle = {{WHITE} {CITY} v. {PR} {RESTAURANTS}, No},
	urldate = {2018-06-03},
}
