
@artwork{jeffreyw_romaine_2011,
	title = {Romaine lettuce salad},
	url = {https://commons.wikimedia.org/wiki/File:Romaine_lettuce_salad.jpg},
	author = {{jeffreyw}},
	urldate = {2018-05-19},
	date = {2011-01-28},
	file = {Wikimedia Snapshot:/home/vince/Zotero/storage/VSX33TPE/FileRomaine_lettuce_salad.html:text/html}
}

@artwork{ltd_slices_????,
	title = {Slices Of Bread Free Stock Photo - Public Domain Pictures},
	url = {https://www.publicdomainpictures.net/en/view-image.php?image=26198&picture=slices-of-bread},
	abstract = {Toaster,pop-up toaster,toast,slice,bread,food,white back,morning,lunch},
	author = {Ltd, Bobek},
	urldate = {2018-05-19},
	langid = {english},
	file = {Snapshot:/home/vince/Zotero/storage/YW8CU63Q/view-image.html:text/html}
}

@artwork{steve_plain_2011,
	title = {A plain ham sandwich},
	url = {https://commons.wikimedia.org/wiki/File:Ham_sandwich.jpg},
	shorttitle = {English},
	author = {steve, Fancy},
	urldate = {2018-05-19},
	date = {2011-11-11},
	file = {Wikimedia Snapshot:/home/vince/Zotero/storage/DHG32GJB/FileHam_sandwich.html:text/html}
}

@artwork{lowes_bennett_2017,
	title = {Bennett is brick},
	url = {https://commons.wikimedia.org/wiki/File:Brick_Bennett.jpg},
	shorttitle = {English},
	author = {{Lowes}},
	urldate = {2018-05-19},
	date = {2017-04-16},
	file = {Wikimedia Snapshot:/home/vince/Zotero/storage/USLX28C7/FileBrick_Bennett.html:text/html}
}

@artwork{steven_bacon_2011,
	title = {A bacon, lettuce and tomato sandwich on toasted bread.},
	url = {https://commons.wikimedia.org/wiki/File:BLT_sandwich_on_toast.jpg},
	author = {Steven, Groves},
	urldate = {2018-05-19},
	date = {2011-02-14},
	file = {Wikimedia Snapshot:/home/vince/Zotero/storage/T5ZKK4IP/FileBLT_sandwich_on_toast.html:text/html}
}

@artwork{canada_grilled_2010,
	title = {Grilled Cheese Olympics},
	url = {https://commons.wikimedia.org/wiki/File:Simple_grilled_cheese.jpg},
	author = {Canada, {AB}, Mack Male from Edmonton},
	urldate = {2018-05-19},
	date = {2010-03-14},
	file = {Wikimedia Snapshot:/home/vince/Zotero/storage/DD7PT97A/FileSimple_grilled_cheese.html:text/html}
}

@artwork{tomwsulcer_panini_2013,
	title = {Panini sandwich at a restaurant.},
	url = {https://commons.wikimedia.org/wiki/File:Panini_sandwich_in_a_restaurant.JPG},
	shorttitle = {English},
	author = {{Tomwsulcer}},
	urldate = {2018-05-19},
	date = {2013-02-27},
	file = {Wikimedia Snapshot:/home/vince/Zotero/storage/MFWYQG4H/FilePanini_sandwich_in_a_restaurant.html:text/html}
}

@artwork{crisco_1492_subway_2013,
	title = {A Subway pizza sub in Hong Kong (near the Grand Kowloon)},
	url = {https://commons.wikimedia.org/wiki/File:Subway_Pizza_Sub,_Hong_Kong.JPG},
	shorttitle = {English},
	author = {{Crisco 1492}},
	urldate = {2018-05-19},
	date = {2013-08-10},
	file = {Wikimedia Snapshot:/home/vince/Zotero/storage/WFG3DEYX/FileSubway_Pizza_Sub,_Hong_Kong.html:text/html}
}

@artwork{comet_hamburger_1994,
	title = {Hamburger},
	rights = {Public domain},
	url = {https://commons.wikimedia.org/wiki/File:Cheeseburger_(2).jpg},
	shorttitle = {English},
	author = {Comet, Renee},
	urldate = {2018-05-19},
	date = {1994},
	file = {Wikimedia Snapshot:/home/vince/Zotero/storage/8SCC8NHR/FileCheeseburger_(2).html:text/html}
}

@artwork{usa_hot_2010,
	title = {Hot Dog},
	url = {https://commons.wikimedia.org/wiki/File:Hotdog_-_Evan_Swigart.jpg},
	author = {{USA}, Evan Swigart from Chicago},
	urldate = {2018-05-19},
	date = {2010-09-08},
	file = {Wikimedia Snapshot:/home/vince/Zotero/storage/X8ZHUX4T/FileHotdog_-_Evan_Swigart.html:text/html}
}

@artwork{comet_ice_1994,
	title = {Ice Cream Sandwich},
	rights = {Public domain},
	url = {https://commons.wikimedia.org/wiki/File:Ice_cream_sandwich_(1).jpg},
	shorttitle = {English},
	author = {Comet, Renee},
	urldate = {2018-05-19},
	date = {1994},
	file = {Wikimedia Snapshot:/home/vince/Zotero/storage/2LR2CUB3/FileIce_cream_sandwich_(1).html:text/html}
}

@artwork{volkman_basic_2009,
	title = {A basic burrito},
	url = {https://commons.wikimedia.org/wiki/File:Basic_burrito.jpg},
	author = {Volkman, Elliot},
	urldate = {2018-05-19},
	date = {2009-06-24},
	file = {Wikimedia Snapshot:/home/vince/Zotero/storage/UZM29NRV/FileBasic_burrito.html:text/html}
}

@artwork{comet_hard-shell_1994,
	title = {Hard-shell taco with meat, cheese, lettuce, tomatoes, and onions},
	rights = {Public domain},
	url = {https://commons.wikimedia.org/wiki/File:NCI_Visuals_Food_Taco.jpg},
	author = {Comet, Renee},
	urldate = {2018-05-19},
	date = {1994},
	file = {Wikimedia Snapshot:/home/vince/Zotero/storage/8L3HAA5W/FileNCI_Visuals_Food_Taco.html:text/html}
}

@artwork{kobako_calzone_2013,
	title = {Calzone},
	url = {https://commons.wikimedia.org/wiki/File:Calzone04.jpg},
	shorttitle = {English},
	author = {{Kobako}},
	urldate = {2018-05-20},
	date = {2013-08-07},
	file = {Wikimedia Snapshot:/home/vince/Zotero/storage/PU96UC92/FileCalzone04.html:text/html}
}

@artwork{jennifer_lamb_2005,
	title = {Lamb quesadillas made with leftover grilled lamb, cheddar cheese, red onion, and peppers from the garden},
	url = {https://commons.wikimedia.org/wiki/File:Lamb_quesadilla.jpg},
	author = {{Jennifer}},
	urldate = {2018-05-20},
	date = {2005-02-07},
	file = {Wikimedia Snapshot:/home/vince/Zotero/storage/CCR8TYI6/FileLamb_quesadilla.html:text/html}
}

@artwork{yau_tuna_2007,
	title = {tuna, guacamole sauce and cherry tomatoes},
	url = {https://commons.wikimedia.org/wiki/File:Open_faced_tuna_sandwich_with_cherry_tomato_and_guacamole_spread.jpg},
	author = {yau, stef},
	urldate = {2018-05-20},
	date = {2007-08-05},
	file = {Wikimedia Snapshot:/home/vince/Zotero/storage/D5XR3QNB/FileOpen_faced_tuna_sandwich_with_cherry_tomato_and_guacamole_spread.html:text/html}
}

@artwork{usa_pizza_2015,
	title = {Pizza at State of the Fruit meeting},
	url = {https://commons.wikimedia.org/wiki/File:Pizza_at_State_of_the_Fruit_meeting_(18611225834).jpg},
	author = {{USA}, Becky Stern from Brooklyn},
	urldate = {2018-05-20},
	date = {2015-06-19},
	file = {Wikimedia Snapshot:/home/vince/Zotero/storage/F5R2ZN6N/FilePizza_at_State_of_the_Fruit_meeting_(18611225834).html:text/html}
}

@artwork{wang_pizza_????,
	title = {Pizza sandwich},
	url = {https://s3.amazonaws.com/spoonuniversi-wpengine/spoonuniversi/wp-content/uploads/sites/71/2015/02/pizza-sandwich-1.jpg},
	author = {Wang, Gabby},
	urldate = {2018-05-20}
}

@artwork{qwantz_this_2014,
	title = {This is an image of a toast sandwich, shot from the side. Sandwich was made and photographed by me, Ryan. It was okay},
	rights = {Permission is granted to copy, distribute and/or modify this document under the terms of the {GNU} Free Documentation License, Version 1.2 or any later version published by the Free Software Foundation; with no Invariant Sections, no Front-Cover Texts, and no Back-Cover Texts. A copy of the license is included in the section entitled {GNU} Free Documentation License.http://www.gnu.org/copyleft/fdl.{htmlGFDLGNU} Free Documentation Licensetruetrue},
	url = {https://commons.wikimedia.org/wiki/File:An_image_of_a_toast_sandwich,_shot_from_the_side.jpg},
	shorttitle = {English},
	author = {{Qwantz}},
	urldate = {2018-05-20},
	date = {2014-03-26},
	file = {Wikimedia Snapshot:/home/vince/Zotero/storage/VCEEBP3E/FileAn_image_of_a_toast_sandwich,_shot_from_the_side.html:text/html}
}

@artwork{evan-amos_two_2017,
	title = {Two Double Stuf Oreos, by Nabisco. Bought in a New York supermarket.},
	rights = {Public domain},
	url = {https://commons.wikimedia.org/wiki/File:Nabisco-Double-Stuf-Oreos.jpg},
	shorttitle = {English},
	author = {{Evan-Amos}},
	urldate = {2018-05-20},
	date = {2017-03-31},
	file = {Wikimedia Snapshot:/home/vince/Zotero/storage/JI6N8CXD/FileNabisco-Double-Stuf-Oreos.html:text/html}
}
