@online{pVals,
	title = {What a p-Value Tells You about Statistical Data},
	url = {http://www.dummies.com/education/math/statistics/what-a-p-value-tells-you-about-statistical-data/},
	abstract = {When you perform a hypothesis test in statistics, a p-value helps you determine the significance of your results. Hypothesis tests are used to test the validity of a claim that is made about a population. This claim that’s on trial, in essence, is called the null hypothesis. The alternative hypothesis is the one you would …},
	titleaddon = {dummies},
	author = {Rumsey, Deborah},
	urldate = {2018-06-03},
	langid = {english},
}

@book{textbook,
	title = {Data Management 12},
	isbn = {978-1-259-25636-3},
	publisher = {{McGraw}-Hill Ryerson},
	author = {Erdman, Wayne and Criscuolo, Mariarosa and Meisel, Roland and Petro, David and Speijer, Jacob and Telford, Wendy}
}

@online{smallP,
	title = {How should tiny \$p\$-values be reported? (and why does R put a minimum on 2.22e-16?)},
	url = {https://stats.stackexchange.com/questions/78839/how-should-tiny-p-values-be-reported-and-why-does-r-put-a-minimum-on-2-22e-1},
	shorttitle = {How should tiny \$p\$-values be reported?},
	titleaddon = {Cross Validated},
	urldate = {2018-06-03},
}
